
% article
@PHDTHESIS {huang2017,
    author = "黄君豪 and 张林",
    title  = {{自主泊车系统中库位的检测[D]}},
    school = "同济大学软件学院",
    year   = "2017",
    type   = "本科毕业设计（论文）",
    month  = "jun"
}
@book{llvmcook,
  title={{LLVM cookbook[M]}},
  author={Pandey, Mayur and Sarda, Suyog},
  year={2015},
  publisher={Packt Publishing Ltd}
}
@book{spn,
  title={{随机 Petri 网和系统性能评价[M]}},
  pages={19--28},
  author={林闯},
  year={2005},
  publisher={清华大学出版社有限公司}
}
@book{opengles3,
  title={{OpenGL ES 3.0 programming guide[M]}},
  author={Ginsburg, Dan and Purnomo, Budirijanto and Shreiner, Dave and Munshi, Aaftab},
  year={2014},
  publisher={Addison-Wesley Professional}
}
@MISC {llvmmanual,
    author       = "LLVM Project",
    title        = {{LLVM Language Reference Manual[EB/OL]}},
    month        = "may",
    year         = "2017",
    howpublished = "\url{http://llvm.org/docs/LangRef.html}"
}
@MISC {llvmpass,
    author       = "LLVM Project",
    title        = {{Writing an LLVM Pass[EB/OL]}},
    month        = "may",
    year         = "2017",
    howpublished = "\url{http://llvm.org/docs/WritingAnLLVMPass.html}"
}
@MISC {wikidfa,
    author       = "Wikipedia",
    title        = {{Data-flow analysis[EB/OL]}},
    month        = "apr",
    year         = "2017",
    howpublished = "\url{https://en.wikipedia.org/wiki/Data-flow_analysis}"
}
@MISC {wikipnet,
    author       = "Wikipedia",
    title        = {{Petri net[EB/OL]}},
    howpublished = "\url{https://en.wikipedia.org/wiki/Petri_net}",
    month        = "apr",
    year         = "2017"
}
@MISC {llvminstdef,
    author       = "LLVM Project",
    title        = {{LLVM instruction definitions[EB/OL]}},
    howpublished = "\url{https://llvm.org/svn/llvm-project/llvm/tags/RELEASE_381/final/include/llvm/IR/Instruction.def}",
    month        = "jul",
    year         = "2016"
}
@MISC {pneteg,
    author       = "Gary Wilson Jr",
    title        = {{Drawing Petri nets[EB/OL]}},
    howpublished = "\url{http://thegarywilson.com/blog/2011/drawing-petri-nets/}",
    month        = "dec",
    year         = "2005"
}
@MISC {adas,
    author       = "Wikipedia",
    title        = {{Advanced driver-assistance systems[EB/OL]}},
    howpublished = "\url{https://en.wikipedia.org/wiki/Advanced_driver-assistance_systems}",
    month        = "may",
    year         = "2017"
}
% project
@MISC {llvm,
    author       = "CS Department of UIUC",
    title        = {{The LLVM Compiler Infrastructure[EB/OL]}},
    howpublished = "\url{http://llvm.org/}",
    month        = "jul",
    year         = "2016"
}

@MISC {pipe5,
    author       = "sarahtattersall",
    title        = {{PIPE 5[EB/OL]}},
    howpublished = "\url{https://github.com/sarahtattersall/PIPE}",
    publisher    = "GitHub",
    journal      = "GitHub repository",
    month        = "aug",
    year         = "2016",
    commit       = "7a95f13f65d303c9a470f248c0e1d5a3892a8f1b"
}

% hardware
@MISC {rcarh2,
    author       = "Renesas",
    title        = {{R-Car H2[EB/OL]}},
    howpublished = "\url{https://www.renesas.com/en-us/solutions/automotive/products/rcar-h2.html}",
    year         = "2015"
}
@MISC {rcarh2wiki,
    author       = "eLinux",
    title        = {{Renesas R-Car Gen2 evaluation boards[EB/OL]}},
    howpublished = "\url{http://elinux.org/R-Car/Boards/Stout:View}",
    year         = "2015"
}
@MISC {arma15,
    author       = "ARM",
    title        = {{Cortex-A15 处理器[EB/OL]}},
    howpublished = "\url{https://www.arm.com/zh/products/processors/cortex-a/cortex-a15.php}",
    year         = "2011"
}
@MISC {armhf,
    author       = "Wikipedia",
    title        = {{ArmHardFloatPort[EB/OL]}},
    howpublished = "\url{https://wiki.debian.org/ArmHardFloatPort}",
    month        = "may",
    year         = "2015"
}
@MISC {pvrs6gpu,
    author       = "Imagination",
    title        = {{PowerVR Series6[EB/OL]}},
    howpublished = "\url{https://www.imgtec.com/powervr/graphics/series6/}",
    month        = "june",
    year         = "2017"
}
@MISC {openmp,
    author       = "GNU GCC",
    title        = {{Enabling OpenMP[EB/OL]}},
    howpublished = "\url{https://gcc.gnu.org/onlinedocs/libgomp/Enabling-OpenMP.html}",
    month        = "may"
}
@MISC {matlab,
    author       = "MathWorks",
    title        = {{MATLAB[EB/OL]}},
    howpublished = "\url{https://www.mathworks.com/products/matlab.html}",
    year         = "2017"
}
@MISC {mjpg,
    author       = "Wikipedia",
    title        = {{Motion JPEG[EB/OL]}},
    howpublished = "\url{https://zh.wikipedia.org/zh-cn/Motion_JPEG}",
    month        = "nov",
    year         = "2016"
}
@MISC {h264,
    author       = "Wikipedia",
    title        = {{H.264/MPEG-4 AVC[EB/OL]}},
    howpublished = "\url{https://zh.wikipedia.org/wiki/H.264/MPEG-4_AVC}",
    month        = "feb",
    year         = "2017"
}
@MISC {matio,
    author       = "tbeu",
    title        = {{MATLAB MAT File I/O Library[EB/OL]}},
    howpublished = "\url{https://github.com/tbeu/matio}",
    month        = "feb",
    year         = "2017"
}
@MISC {pvrsdk,
    author       = "Imagination",
    title        = {{PowerVR SDK[EB/OL]}},
    howpublished = "\url{https://community.imgtec.com/developers/powervr/graphics-sdk/}",
    year         = "2016"
}
